@article{nijimbere2020tabu,
  title={Tabu search guided by reinforcement learning for the max-mean dispersion problem},
  author={Nijimbere, Dieudonn{\'e} and Zhao, Songzheng and Gu, Xunhao and Esangbedo, Moses Olabhele and Dominique, Nyiribakwe},
  journal={Journal of Industrial \& Management Optimization},
  year={2020},
  publisher={American Institute of Mathematical Sciences}
}

@article{dai2017learning,
  title={Learning combinatorial optimization algorithms over graphs},
  author={Dai, Hanjun and Khalil, Elias B and Zhang, Yuyu and Dilkina, Bistra and Song, Le},
  journal={arXiv preprint arXiv:1704.01665},
  year={2017}
}
